<record><leader>00000cas a2200000 a 4500</leader><controlfield tag="001">25055479</controlfield><controlfield tag="008">920106d19181932iludn ne      0    0eng c</controlfield><datafield ind1=" " ind2=" " tag="010"><subfield code="a">sn 92053739 </subfield></datafield><datafield ind1=" " ind2=" " tag="040"><subfield code="a">NVF</subfield><subfield code="b">eng</subfield><subfield code="c">NVF</subfield><subfield code="d">NVF</subfield><subfield code="d">OCLCF</subfield><subfield code="d">OCLCO</subfield></datafield><datafield ind1="1" ind2=" " tag="029"><subfield code="a">AU@</subfield><subfield code="b">000020744474</subfield></datafield><datafield ind1=" " ind2=" " tag="042"><subfield code="a">pcc</subfield></datafield><datafield ind1=" " ind2=" " tag="043"><subfield code="a">n-us-il</subfield></datafield><datafield ind1="0" ind2=" " tag="130"><subfield code="a">East St. Louis daily journal (East Saint Louis, Ill. : 1918)</subfield></datafield><datafield ind1="1" ind2="0" tag="245"><subfield code="a">East St. Louis daily journal.</subfield></datafield><datafield ind1="3" ind2=" " tag="246"><subfield code="a">East Saint Louis daily journal</subfield></datafield><datafield ind1=" " ind2=" " tag="260"><subfield code="a">East St. Louis, Ill. :</subfield><subfield code="b">East St. Louis Daily Journal Co.,</subfield><subfield code="c">1918-1932.</subfield></datafield><datafield ind1=" " ind2=" " tag="300"><subfield code="a">v.</subfield></datafield><datafield ind1=" " ind2=" " tag="310"><subfield code="a">Daily (except Saturday)</subfield></datafield><datafield ind1="0" ind2=" " tag="362"><subfield code="a">30th year, no. 134 (June 6, 1918)-44th year, no. 150 (Sept. 19, 1932).</subfield></datafield><datafield ind1=" " ind2=" " tag="515"><subfield code="a">Continues the numbering of Daily journal (East Saint Louis, Ill.).</subfield></datafield><datafield ind1=" " ind2="0" tag="651"><subfield code="a">East Saint Louis (Ill.)</subfield><subfield code="v">Newspapers.</subfield></datafield><datafield ind1=" " ind2="7" tag="655"><subfield code="a">Newspapers.</subfield><subfield code="2">fast</subfield><subfield code="0">(OCoLC)fst01423814</subfield></datafield><datafield ind1=" " ind2="7" tag="651"><subfield code="a">Illinois</subfield><subfield code="z">East Saint Louis.</subfield><subfield code="2">fast</subfield><subfield code="0">(OCoLC)fst01213679</subfield></datafield><datafield ind1=" " ind2=" " tag="752"><subfield code="a">United States</subfield><subfield code="b">Illinois</subfield><subfield code="c">Saint Clair</subfield><subfield code="d">East Saint Louis.</subfield></datafield><datafield ind1="0" ind2="0" tag="780"><subfield code="t">Daily journal (East Saint Louis, Ill.)</subfield><subfield code="w">(DLC)sn 92053738</subfield><subfield code="w">(OCoLC)25055436</subfield></datafield><datafield ind1="0" ind2="0" tag="785"><subfield code="t">East St. Louis journal (East Saint Louis, Ill. : 1932)</subfield><subfield code="w">(DLC)sn 82015346</subfield><subfield code="w">(OCoLC)8807919</subfield></datafield></record>